@inproceedings{recpack,
    author = {Michiels, Lien and Verachtert, Robin and Goethals, Bart},
    title = {RecPack: An(Other) Experimentation Toolkit for Top-N Recommendation Using Implicit Feedback Data},
    year = {2022},
    isbn = {9781450392785},
    publisher = {Association for Computing Machinery},
    address = {New York, NY, USA},
    url = {https://doi.org/10.1145/3523227.3551472},
    doi = {10.1145/3523227.3551472},
    booktitle = {Proceedings of the 16th ACM Conference on Recommender Systems},
    pages = {648-651},
    numpages = {4},
    location = {Seattle, WA, USA},
    series = {RecSys '22}
}
@article{10.1145/963770.963776,
	title        = {Item-based top-N recommendation algorithms},
	author       = {Deshpande, Mukund and Karypis, George},
	year         = 2004,
	month        = {jan},
	journal      = {ACM Trans. Inf. Syst.},
	publisher    = {Association for Computing Machinery},
	address      = {New York, NY, USA},
	volume       = 22,
	number       = 1,
	pages        = {143--177},
	doi          = {10.1145/963770.963776},
	issn         = {1046-8188},
	url          = {https://doi.org/10.1145/963770.963776},
	issue_date   = {January 2004},
	numpages     = 35,
	keywords     = {world wide web, predicting user behavior, e-commerce}
}
@inproceedings{Sun_2023,
	title        = {Take a Fresh Look at Recommender Systems from an Evaluation Standpoint},
	author       = {Sun, Aixin},
	year         = 2023,
	month        = jul,
	booktitle    = {Proceedings of the 46th International ACM SIGIR Conference on Research and Development in Information Retrieval},
	publisher    = {ACM},
	series       = {SIGIR ’23},
	doi          = {10.1145/3539618.3591931},
	url          = {http://dx.doi.org/10.1145/3539618.3591931},
	collection   = {SIGIR ’23}
}